@book{practical_game_design,
  author         = {{Adam Kramarzewski, Ennio De Nucci}},
  publisher      = {Packt},
  title          = {Practical Game Design},
  year           = {2018}
}

@book{game_programming_patterns,
  author         = {{Robert Nystrom}},
  publisher      = {Genever Benning},
  title          = {Game Programming Patterns},
  year           = {2014},
  howpublished   = {https://gameprogrammingpatterns.com},
}
  note           = {Dostęp 01.12.2022},

@misc{godot_docs,
  author         = {{Juan Linietsky, Ariel Manzur and the Godot community}},
  title          = {Godot Docs},
  howpublished   = {https://docs.godotengine.org/en/3.5/},
  note           = {Dostęp 12.11.2022},
}

@misc{input_buffering,
  author         = {{Nathan Schuetz}},
  title          = {Game Feel: Input Buffering},
  year           = {2022},
  howpublished   = {https://barbariangrunge.com/game-feel-input-buffering/},
  note           = {Dostęp 12.11.2022}
}
(cite: https://bloody-disgusting.com/news/3224958/horror-declassified-an-examination-of-tank-controls/)
@misc{horror_tank_controls,
  author         = {{Adam Dodd}},
  title          = {[Horror Declassified] An Examination Of Tank Controls},
  year           = {2013},
  howpublished   = {https://bloody-disgusting.com/news/3224958/horror-declassified-an-examination-of-tank-controls/},
  note           = {Dostęp 12.11.2022}
}

@book{game_engine_architecture,
  author         = {{Jason Gregory}},
  publisher      = {A K Peters, Ltd.},
  title          = {Game Engine Architecture},
  year           = {2009}
}

@misc{pipg4,
  author       = {{Szymon Datko}},
  title        = {Projektowanie i Programowanie Gier. Wykład nr 4 - Silniki gier komputerowych i ciekawostki techniczne},
  year         = {2021},
  howpublished = {https://datko.pl/PiPG/wyk4.pdf},
  note         = {Dostęp 19.11.2022},
}

@misc{godot_main,
  author       = {{Juan Linietsky, Ariel Manzur}},
  title        = {Strona główna projektu Godot},
  howpublished = {https://godotengine.org/},
  note         = {Dostęp 23.11.2022},
}

@misc{godot_github,
  title        = {Projekt Godot na platformie GitHub},
  howpublished = {https://github.com/godotengine},
  note         = {Dostęp 23.11.2022},
}

@misc{gut_wiki,
  author       = {{Butch Wesley}},
  howpublished = {https://github.com/bitwes/Gut/wiki},
  title        = {Wiki projektu GUT},
  note         = {Dostęp 11.12.2022}
}

@misc{singleton_refactoring_guru,
  author       = {{Alexander Shvets}},
  title        = {Design Patterns: Singleton},
  howpublished = {https://refactoring.guru/design-patterns/singleton},
  note         = {Dostęp 23.11.2022},
}

@misc{godot_network_tutorial,
  author       = {PlugWorld},
  title        = {Godot Networked Multiplayer Shooter Tutorial},
  year         = {2021},
  howpublished = {https://www.youtube.com/playlist?list=PL6bQeQE-ybqDmGuN7Nz4ZbTAqyCMyEHQa},
  note         = {Dostęp 23.11.2022},
}

@book{mastering_blender,
  title        = {{Mastering blender}},
  author       = {Tony Mullen},
  year         = {2011},
  publisher    = {John Wiley \& Sons}
}

@misc{blender_page,
  author       = {{Blender Foundation}},
  howpublished = {https://www.blender.org/},
  title        = {Strona główna projektu Blender},
  note         = {Dostęp 11.12.2022},
}

@misc{enet,
  author       = {{Lee Salzman}},
  howpublished = {http://enet.bespin.org/usergroup0.html},
  title        = {Dokumentacja biblioteki ENet},
  note         = {Dostęp 11.12.2022},
}

@mastersthesis{unity_v_unreal,
  author       = {{Antonín Šmíd}},
  school       = {Czech Technical University in Prague},
  title        = {Comparison of Unity and Unreal Engine},
  year         = {2017},
  howpublished = {https://core.ac.uk/download/pdf/84832291.pdf},
  note         = {Dostęp 11.12.2022},
}

@misc{most_used_engines,
  author       = {{Marcus Toftedahl}},
  title        = {Which are the most commonly used Game Engines?},
  year         = {2019},
  howpublished = {https://www.gamedeveloper.com/production/which-are-the-most-commonly-used-game-engines-},
  note         = {Dostęp 11.12.2022},
}

@misc{unity_page,
  author       = {{Unity Technologies}},
  howpublished = {https://unity.com/},
  title        = {Strona główna Unity},
  note         = {Dostęp 11.12.2022},
}

@misc{unreal_page,
  author       = {{Epic Games}},
  howpublished = {https://www.unrealengine.com/en-US},
  title        = {Strona główna Unreal Engine},
  note         = {Dostęp 11.12.2022},
}

@misc{cdp_unreal,
  author       = {{CD Projekt RED}},
  howpublished = {https://www.cdprojekt.com/pl/media/aktualnosci\\/nowa-wiedzminska-saga-zapowiedziana-studio-cd-projekt-red-bedzie-tworzyc-gry-na-silniku\\-unreal-engine-5-w-ramach-strategicznej-wspolpracy-z-epic-games/},
  title        = {Studio CD PROJEKT RED będzie tworzyć gry na silniku Unreal Engine 5 w ramach strategicznej współpracy z Epic Games},
  year         = {2022}
}

@book{gamedev_unity,
  author         = {{Michelle Menard, Bryan Wagstaff}},
  publisher      = {Cengage Learning PTR},
  title          = {Game Development with Unity},
  year           = {2015}
}
@book{intro_to_ue4,
  title={An introduction to Unreal engine 4},
  author={{Andrew Sanders}},
  year={2016},
  publisher={AK Peters/CRC Press}
}
