@book{practical_game_design,
  author         = {Adam Kramarzewski, Ennio De Nucci},
  publisher      = {Packt},
  title          = {Practical Game Design},
  year           = {2018}
}

@manual{godot_docs,
  author         = {Juan Linietsky, Ariel Manzur and the Godot community},
  title          = {Godot Docs},
  address        = {https://docs.godotengine.org/en/stable/},
  note           = {Dostêp 12.11.2022},
}

@misc{input_buffering,
  author         = {Nathan Schuetz},
  title          = {Game Feel: Input Buffering},
  year           = {2022},
  address        = {https://barbariangrunge.com/game-feel-input-buffering/},
  note           = {Dostêp 12.11.2022}
}
(cite: https://bloody-disgusting.com/news/3224958/horror-declassified-an-examination-of-tank-controls/)
@misc{horror_tank_controls,
  author         = {Adam Dodd},
  title          = {[Horror Declassified] An Examination Of Tank Controls},
  year           = {2013},
  address        = {https://bloody-disgusting.com/news/3224958/horror-declassified-an-examination-of-tank-controls/},
  note           = {Dostêp 12.11.2022}
}